<record xmlns="http://www.loc.gov/MARC21/slim" xmlns:xsi="http://www.w3.org/2001/XMLSchema-instance" xsi:schemaLocation="http://www.loc.gov/MARC21/slim http://www.loc.gov/standards/marcxml/schema/MARC21slim.xsd"><leader>00489cz   2200133n  4500</leader><controlfield tag="001">oca01849029 </controlfield><controlfield tag="005">19941115125848.6</controlfield><controlfield tag="008">870506n| acannaab           |a aaa |||  </controlfield><datafield ind1=" " ind2=" " tag="010"><subfield code="a">n  87829370 </subfield></datafield><datafield ind1=" " ind2=" " tag="040"><subfield code="a">DLC</subfield><subfield code="c">DLC</subfield><subfield code="d">DLC</subfield></datafield><datafield ind1="0" ind2=" " tag="100"><subfield code="a">Antimachus,</subfield><subfield code="c">of Colophon</subfield></datafield><datafield ind1="0" ind2=" " tag="400"><subfield code="a">Antimaco,</subfield><subfield code="c">di Colofone</subfield></datafield><datafield ind1=" " ind2=" " tag="670"><subfield code="a">nuc87-41708: Author's Antimachi Colophonii ... 1974</subfield><subfield code="b">(hdg. on PSC rept.: Antimachus, of Colophon; usage: Antimachi Colophonii)</subfield></datafield><datafield ind1=" " ind2=" " tag="670"><subfield code="a">Antimaco di Colofone, c1993:</subfield><subfield code="b">t.p. (Antimaco di Colofone)</subfield></datafield></record>